<?xml version="1.0" encoding="UTF-8" ?>
<collection xmlns:xsi="http://www.w3.org/2001/XMLSchema-instance"
    xsi:schemaLocation="http://www.loc.gov/MARC21/slim
        http://www.loc.gov/standards/marcxml/schema/MARC21slim.xsd"
    xmlns="http://www.loc.gov/MARC21/slim">
<record>
  <leader>00267cam a2200517 i 4500</leader>
  <controlfield tag="001">b12485433</controlfield>
  <controlfield tag="003">LeBAU</controlfield>
  <controlfield tag="005">20180117</controlfield>
  <controlfield tag="008">970621s1950    le abcf  b    ||1 0 ara d</controlfield>
  <datafield tag="035" ind1=" " ind2=" ">
    <subfield code="a">ocn784342278</subfield>
  </datafield>
  <datafield tag="040" ind1=" " ind2=" ">
    <subfield code="a">LEAUB</subfield>
    <subfield code="b">ara</subfield>
    <subfield code="e">rda</subfield>
    <subfield code="c">LEAUB</subfield>
    <subfield code="d">LEAUB</subfield>
  </datafield>
  <datafield tag="041" ind1="0" ind2=" ">
    <subfield code="a">ara</subfield>
    <subfield code="a">eng</subfield>
  </datafield>
  <datafield tag="082" ind1="0" ind2="4">
    <subfield code="a">520.3</subfield>
    <subfield code="2">22</subfield>
  </datafield>
  <datafield tag="100" ind1="1" ind2=" ">
    <subfield code="6">880-01</subfield>
    <subfield code="a">Jurdāq, Manṣūr Ḥannā,</subfield>
    <subfield code="e">compiler.</subfield>
  </datafield>
  <datafield tag="245" ind1="1" ind2="0">
    <subfield code="6">880-02</subfield>
    <subfield code="a">al-Qāmūs al-falakī wa-al-abrāj wa-ṣuwar al-nujūm aw kawkabātuhā wa-asmāʼuhā al-ʻArabīyah /</subfield>
    <subfield code="c">taʼlīf Manṣūr Ḥannā Jurdāq M. ‘A., ustādh al-sharaf lil-riyāḍīyāt al-‘ālīyah wa-‘ilm al-falak fī al-Jāmi‘ah al-Amīrikīyah bi-Bayrūt, ‘uwḍ fī al-Jam‘īyah al-Riyāḍīyah al-Inklīzīyah bi-Lanḍan; al-Jam‘īyah al-Riyāḍīyah al-Amīrikānīyah; al-Jam‘īyah al-Falakīyah al-Bāsīfīkīyah al-Amīrikānīyah; al-Jam‘īyah al-Malakīyah al-Falakīyah bi-Kanadā; al-Jam‘īyah al-Mītiyūrūlujīyah al-Amīrikānīyah; Jam‘īyat Tarqiyat al-Ta‘līm al-Handasī al-Amīrikānīyah; Jam‘īyat Taqaddum al-‘Ulūm al-Amīrikānīyah, al-Jam‘īyah al-Jughrāfīyah al-Waṭanīyah al-Amīrikānīyah; wa-Jam‘īyat Ta‘āwun al-Fikr al-Dawlīyah = Astronomical dictionary : the zodiac &amp; the constellations, Arabic star-names, their meaning, transliteration and pronounciation / By Mansur Ḥanna Jurdak, M. A., professor emeritus of mathematics at the American University of Beirut, member of the Mathematical Association of London, Mathematical Association of America, Astronomical Society of the Pacific, Royal Astronomical Society of Canada, American Meteorological Society, Society for the Promotion of Engineering Education, American Association for the Advancement of Science, the National Geographic Society &amp; Institut de Coopération Intellectuelle.</subfield>
  </datafield>
  <datafield tag="246" ind1="3" ind2="1">
    <subfield code="a">Astronomical dictionary :</subfield>
    <subfield code="b">the zodiac &amp; the constellations, Arabic star-names, their meaning, transliteration and pronounciation</subfield>
  </datafield>
  <datafield tag="264" ind1=" " ind2="1">
    <subfield code="6">880-03</subfield>
    <subfield code="a">Bayrūt, Lubnān :</subfield>
    <subfield code="b">al-Maṭbaʻah al-Amīrikānīyah,</subfield>
    <subfield code="c">1950.</subfield>
  </datafield>
  <datafield tag="300" ind1=" " ind2=" ">
    <subfield code="6">880-04</subfield>
    <subfield code="a">d-y, 326 pages, 7 unnumbered leaves of plates :</subfield>
    <subfield code="b">illustrations, maps, portraits ;</subfield>
    <subfield code="c">22 cm</subfield>
  </datafield>
  <datafield tag="336" ind1=" " ind2=" ">
    <subfield code="a">text</subfield>
    <subfield code="b">txt</subfield>
    <subfield code="2">rdacontent</subfield>
  </datafield>
  <datafield tag="336" ind1=" " ind2=" ">
    <subfield code="a">still image</subfield>
    <subfield code="b">sti</subfield>
    <subfield code="2">rdacontent</subfield>
  </datafield>
  <datafield tag="337" ind1=" " ind2=" ">
    <subfield code="a">unmediated</subfield>
    <subfield code="b">n</subfield>
    <subfield code="2">rdamedia</subfield>
  </datafield>
  <datafield tag="338" ind1=" " ind2=" ">
    <subfield code="a">volume</subfield>
    <subfield code="b">nc</subfield>
    <subfield code="2">rdacarrier</subfield>
  </datafield>
  <datafield tag="500" ind1=" " ind2=" ">
    <subfield code="a">منشورات أساتذة الجامعة الاميركية في بيروت.</subfield>
  </datafield>
  <datafield tag="500" ind1=" " ind2=" ">
    <subfield code="a">منشورات الجامعة الاميركية في بيروت.</subfield>
  </datafield>
  <datafield tag="500" ind1=" " ind2=" ">
    <subfield code="a">يتضمن كشاف.</subfield>
  </datafield>
  <datafield tag="504" ind1=" " ind2=" ">
    <subfield code="a">ببليوغرافيا: صفحات [227-228]</subfield>
  </datafield>
  <datafield tag="546" ind1=" " ind2=" ">
    <subfield code="a">النص بالعربية والإنجليزية.</subfield>
  </datafield>
  <datafield tag="650" ind1=" " ind2="4">
    <subfield code="a">علم الفلك</subfield>
    <subfield code="v">قواميس.</subfield>
  </datafield>
  <datafield tag="650" ind1=" " ind2="4">
    <subfield code="a">علم الفلك العربي</subfield>
    <subfield code="v">قواميس.</subfield>
  </datafield>
  <datafield tag="650" ind1=" " ind2="0">
    <subfield code="a">Astronomy</subfield>
    <subfield code="v">Dictionaries.</subfield>
  </datafield>
  <datafield tag="650" ind1=" " ind2="0">
    <subfield code="a">Astronomy, Arab</subfield>
    <subfield code="v">Dictionaries.</subfield>
  </datafield>
  <datafield tag="852" ind1=" " ind2=" ">
    <subfield code="a">Jafet Library</subfield>
    <subfield code="e">American University of Beirut, Bliss Street , Beirut, Lebanon.</subfield>
  </datafield>
  <datafield tag="852" ind1=" " ind2=" ">
    <subfield code="a">Jafet Archives and Special Collections</subfield>
    <subfield code="e">American University of Beirut, Bliss Street , Beirut, Lebanon.</subfield>
  </datafield>
  <datafield tag="852" ind1=" " ind2=" ">
    <subfield code="a">Science and Agriculture Library</subfield>
    <subfield code="e">American University of Beirut, Bliss Street , Beirut, Lebanon.</subfield>
  </datafield>
  <datafield tag="880" ind1="1" ind2=" ">
    <subfield code="6">100-01/(3/r</subfield>
    <subfield code="a">جرداق، منصور حنا،</subfield>
    <subfield code="e">معد. </subfield>
    <subfield code="4">com.</subfield>
  </datafield>
  <datafield tag="880" ind1="1" ind2="3">
    <subfield code="6">245-02/(3/r</subfield>
    <subfield code="a">القاموس الفلكي والأبراج وصور النجوم أو كوكباتها وأسماؤها العربية /</subfield>
    <subfield code="c">تأليف منصور حنا جرداق م. ع.، أستاذ الشرف للرياضيات العالية وعلم الفلك في الجامعة الأميركية ببيروت، عضو في الجمعية الرياضية الإنكليزية بلندن؛ الجمعية الرياضية الأميركانية؛ الجمعية الفلكية الباسيفيكية الأميركانية؛ الجمعية الملكية الفلكية بكندا؛ الجمعية الميتيورولوجية الأميركانية؛ جمعية ترقية التعليم الهندسي الأميركانية؛ جمعية تقدم العلوم الأميركانية؛ الجمعية الجغرافية الوطنية الاميركانية؛ وجمعية تعاون الفكر الدولية = Astronomical dictionary : the zodiac &amp; the constellations, Arabic star-names, their meaning, transliteration and pronounciation / By Mansur Ḥanna Jurdak, M. A., professor emeritus of mathematics at the American University of Beirut, member of the Mathematical Association of London, Mathematical Association of America, Astronomical Society of the Pacific, Royal Astronomical Society of Canada, American Meteorological Society, Society for the Promotion of Engineering Education, American Association for the Advancement of Science, the National Geographic Society &amp; Institut de Coopération Intellectuelle.</subfield>
  </datafield>
  <datafield tag="880" ind1=" " ind2=" ">
    <subfield code="6">300-04/(3/r</subfield>
    <subfield code="a">د-ي، 326 صفحة، 7 ورقات لوحات غير مرقمة :</subfield>
    <subfield code="b">مصورات، خرائط، صور شخصانية ؛</subfield>
    <subfield code="c">22 سم</subfield>
  </datafield>
  <datafield tag="880" ind1=" " ind2="1">
    <subfield code="6">264-03/(3/r</subfield>
    <subfield code="a">بيروت، لبنان :</subfield>
    <subfield code="b">المطبعة الاميركانية،</subfield>
    <subfield code="c">1950.</subfield>
  </datafield>
  <datafield tag="907" ind1=" " ind2=" ">
    <subfield code="a">.b12485433</subfield>
    <subfield code="b">18-01-30</subfield>
    <subfield code="c">11-05-24</subfield>
  </datafield>
  <datafield tag="907" ind1=" " ind2=" ">
    <subfield code="a">.b12485433</subfield>
    <subfield code="b">15-10-15</subfield>
    <subfield code="c">11-05-24</subfield>
  </datafield>
  <datafield tag="945" ind1=" " ind2=" ">
    <subfield code="f">CA:R</subfield>
    <subfield code="a">520.3:J95qA:c.1</subfield>
    <subfield code="i">01068361</subfield>
    <subfield code="j">.i12976490</subfield>
    <subfield code="l">u0318</subfield>
  </datafield>
  <datafield tag="945" ind1=" " ind2=" ">
    <subfield code="f">CA:R</subfield>
    <subfield code="a">520.3:J95qA:c.2</subfield>
    <subfield code="i">00289401</subfield>
    <subfield code="j">.i12976520</subfield>
    <subfield code="l">u0318</subfield>
  </datafield>
  <datafield tag="945" ind1=" " ind2=" ">
    <subfield code="f">J</subfield>
    <subfield code="a">520.3:J95qA:c.1</subfield>
    <subfield code="i">01026583</subfield>
    <subfield code="j">.i12976489</subfield>
    <subfield code="l">u0503</subfield>
  </datafield>
  <datafield tag="945" ind1=" " ind2=" ">
    <subfield code="f">J</subfield>
    <subfield code="a">520.3:J95qA:c.2 (discard-120119)</subfield>
    <subfield code="j">.i12976519</subfield>
    <subfield code="l">u0503</subfield>
  </datafield>
  <datafield tag="945" ind1=" " ind2=" ">
    <subfield code="f">S</subfield>
    <subfield code="a">520.3:J95qA:c.1</subfield>
    <subfield code="i">01068362</subfield>
    <subfield code="j">.i12976507</subfield>
    <subfield code="l">u0704</subfield>
  </datafield>
  <datafield tag="998" ind1=" " ind2=" ">
    <subfield code="a">(2)u03</subfield>
    <subfield code="a">(2)u05</subfield>
    <subfield code="a">u07</subfield>
    <subfield code="b">97-06-21</subfield>
    <subfield code="c">m</subfield>
    <subfield code="d">a</subfield>
    <subfield code="e">-</subfield>
    <subfield code="f">mul</subfield>
    <subfield code="g">le </subfield>
    <subfield code="h">0</subfield>
    <subfield code="i">5</subfield>
  </datafield>
</record>
</collection>
